@article{Lin2017,
  doi = {10.12973/eurasia.2017.00744a},
  url = {https://doi.org/10.12973/eurasia.2017.00744a},
  year = {2017},
  month = jun,
  publisher = {Modestum Limited},
  volume = {13},
  number = {7},
  author = {Ming-Hung Lin and Huang-g Chen and kuang-Sheng Liu},
  title = {A Study of the Effects of Digital Learning on Learning Motivation and Learning Outcome},
  journal = {{EURASIA} Journal of Mathematics,  Science and Technology Education}
}

@article{Tretyakova2019,
  doi = {10.29333/ejmste/113503},
  url = {https://doi.org/10.29333/ejmste/113503},
  year = {2019},
  month = oct,
  publisher = {Modestum Limited},
  volume = {15},
  number = {12},
  author = {Zlata O. Tretyakova and Marianna V. Voronina and Ekaterina G. Krivonozhkina and Stanislav I. Buslaev and Grigory G. Sidorenko},
  title = {Augmented Reality in Teaching Descriptive Geometry,  Engineering and Computer Graphics {\textendash} Systematic Review and Results of the Russian Teachers' Experience},
  journal = {{EURASIA} Journal of Mathematics,  Science and Technology Education}
}

@article{Babinkov2020,
  doi = {10.1021/acs.jchemed.0c00748},
  url = {https://doi.org/10.1021/acs.jchemed.0c00748},
  year = {2020},
  month = aug,
  publisher = {American Chemical Society ({ACS})},
  volume = {97},
  number = {9},
  pages = {3295--3300},
  author = {M{\'{a}}ria Babin{\v{c}}{\'{a}}kov{\'{a}} and Pawe{\l} Bernard},
  title = {Online Experimentation during {COVID}-19 Secondary School Closures: Teaching Methods and Student Perceptions},
  journal = {Journal of Chemical Education}
}